
@article{cohn_observer-based_2007,
	title = {Observer-Based Measurement of Facial Expression With the Facial Action Coding System},
	url = {https://www.pitt.edu/~jeffcohn/biblio/Coan%20013%20chap13.pdf},
	pages = {19},
	author = {Cohn, Jeffrey F and Ambadar, Zara and Ekman, Paul},
	urldate = {2020-11-28},
	date = {2007},
	langid = {english},
	file = {Cohn et al. - Observer-Based Measurement of Facial Expression Wi.pdf:C\:\\Users\\hellw\\Zotero\\storage\\TPG5NEKH\\Cohn et al. - Observer-Based Measurement of Facial Expression Wi.pdf:application/pdf},
}
